% Различают правила оформления источников:
%	Для книг указывается: Aвтор. Название / Aвторы. – Город:
%		Издательство, год выпуска. – Количество страниц.;
%	Для журналов указывается: Aвтор. Статья / Aвторы // Журнал. –
%		Год. – Номер. – Страницы размещения статьи.;
%	Для Web-ссылок указывается: Название работы / Автор. URL.

@manual{razrabotka2002,
  title        = {Разработка приложений баз данных: метод. указ. по выполнению лабораторных работ: для спец. 07300},
  year         = {2002},
  address      = {М.},
  publisher    = {МИРЭА},
  pages        = {32}
}

@manual{zubkova2011,
  author       = {Зубкова, Т. М.},
  title        = {Проектирование программных систем по обработке и анализу информации: метод. указания к курсовому проектированию по дисциплине "Технология разработки программного обеспечения"},
  year         = {2011},
  address      = {Оренбург},
  publisher    = {ГОУ ОГУ},
  pages        = {53}
}

@book{alexankin1990,
  author       = {Алексанкин, Я. Я. and Бржозовский, А. Э. and Жданов, В. А. and др.},
  title        = {Автоматизированное проектирование систем автоматического управления},
  year         = {1990},
  address      = {М.},
  publisher    = {Машиностроение}
}

@book{zabotina2020,
  author       = {Заботина, Н. Н.},
  title        = {Проектирование информационных систем: учебное пособие},
  year         = {2020},
  address      = {М.},
  publisher    = {ИНФРА-М},
  pages        = {331},
  url          = {https://znanium.com/catalog/product/1036508},
  note         = {(дата обращения: 14.08.2022)}
}

@book{grekul2013,
  author       = {Грекул, В. И.},
  title        = {Проектное управление в сфере информационных технологий},
  year         = {2013},
  address      = {М.},
  publisher    = {БИНОМ. Лаборатория знаний},
  pages        = {336},
  url          = {http://znanium.com/catalog.php?bookinfo=485348},
  note         = {(дата обращения: 14.08.2022)}
}

@book{vdovenko2015,
  author       = {Вдовенко, Л. А.},
  title        = {Информационная система предприятия: учебное пособие},
  year         = {2015},
  address      = {М.},
  publisher    = {Вузовский учебник, НИЦ ИНФРА-М},
  pages        = {304},
  url          = {http://znanium.com/catalog.php?bookinfo=501089}
}

@book{chistov2013,
  author       = {Чистов, Д. В.},
  title        = {Информационные системы в экономике: учеб. пособие},
  year         = {2013},
  address      = {М.},
  publisher    = {НИЦ Инфра-М},
  pages        = {234},
  url          = {http://znanium.com/catalog.php?bookinfo=489996}
}

@book{varfolomeeva2016,
  author       = {Варфоломеева, А. О. and Коряковский, А. В. and Романов, В. П.},
  title        = {Информационные системы предприятия: учебное пособие},
  year         = {2016},
  address      = {М.},
  publisher    = {НИЦ ИНФРА-М},
  pages        = {283},
  url          = {http://znanium.com/catalog.php?bookinfo=536732}
}

@book{skripkin2014,
  author       = {Скрипкин, К. Г.},
  title        = {Экономическая эффективность информационных систем в России},
  year         = {2014},
  address      = {М.},
  publisher    = {МАКС Пресс},
  pages        = {156},
  url          = {http://znanium.com/catalog.php?bookinfo=533938}
}

@book{avdeev2014,
  author       = {Авдеев, В. А.},
  title        = {Организация ЭВМ и периферия с демонстрацией имитационных моделей},
  year         = {2014},
  address      = {М.},
  publisher    = {ДМК},
  pages        = {708}
}

@book{antamoshkin2012,
  author       = {Антамошкин, О. А.},
  title        = {Программная инженерия. Теория и практика. Учебник},
  year         = {2012},
  address      = {М.},
  publisher    = {НИЦ Инфра-М},
  pages        = {368}
}

@book{deitel2016a,
  author       = {Дейтел, Х. М.},
  title        = {Операционные системы. Основы и принципы. Т. 1},
  year         = {2016},
  address      = {М.},
  publisher    = {Бином},
  pages        = {1024}
}

@book{deitel2016b,
  author       = {Дейтел, Х. М.},
  title        = {Операционные системы. Т. 2. Распределенные системы, сети, безопасность},
  year         = {2016},
  address      = {М.},
  publisher    = {Бином},
  pages        = {704}
}

@book{tanenbaum2013,
  author       = {Таненбаум, Э.},
  title        = {Современные операционные системы},
  year         = {2013},
  address      = {СПб.},
  publisher    = {Питер},
  pages        = {1120}
}

@book{orlov2017,
  author       = {Орлов, С. А.},
  title        = {Программная инженерия. Учебник для вузов. 5-е издание обновленное и дополненное},
  year         = {2017},
  address      = {М.},
  publisher    = {Издательский дом "Питер"},
  pages        = {812}
}

@book{taylor2017,
  author       = {Тейлор, Д.},
  title        = {Сценарии командной оболочки. Linux, OS X и Unix. 2-е издание},
  year         = {2017},
  publisher    = {Издательский дом "Питер"},
  pages        = {624}
}

@manual{swebok2004,
  title        = {SWEBOK V2},
  year         = {2004}
}

@manual{swebok2013,
  title        = {SWEBOK V3},
  year         = {2013}
}

